|init|battle
|title|zadocfish3 vs. Arksolarus
|j|☆zadocfish3
|j|☆Arksolarus
|player|p1|zadocfish3|10|1071
|player|p2|Arksolarus|153|1064
|teamsize|p1|3
|teamsize|p2|3
|gametype|singles
|gen|7
|tier|[Gen 7] 1v1
|rated|
|rule|Species Clause: Limit one of each Pokémon
|rule|Moody Clause: Moody is banned
|rule|OHKO Clause: OHKO moves are banned
|rule|Evasion Moves Clause: Evasion moves are banned
|rule|Accuracy Moves Clause: Accuracy-lowering moves are banned
|rule|Swagger Clause: Swagger is banned
|rule|Endless Battle Clause: Forcing endless battles is banned
|rule|HP Percentage Mod: HP is shown in percentages
|clearpoke
|poke|p1|Slaking, F|item
|poke|p1|Bewear, M|item
|poke|p1|Scolipede, F|item
|poke|p2|Tyrantrum, M|item
|poke|p2|Pangoro, M|item
|poke|p2|Jellicent, F|item
|teampreview|1
|
|start
|switch|p1a: Scolipede|Scolipede, F|100/100
|switch|p2a: Tyrantrum|Tyrantrum, M|100/100
|turn|1
|
|move|p1a: Scolipede|Protect|p1a: Scolipede
|-singleturn|p1a: Scolipede|Protect
|-zpower|p2a: Tyrantrum
|move|p2a: Tyrantrum|Devastating Drake|p1a: Scolipede|[zeffect]
|-zbroken|p1a: Scolipede
|-damage|p1a: Scolipede|80/100
|
|-heal|p1a: Scolipede|87/100|[from] item: Leftovers
|-ability|p1a: Scolipede|Speed Boost|boost
|-boost|p1a: Scolipede|spe|1
|upkeep
|turn|2
|inactive|Battle timer is ON: inactive players will automatically lose when time's up. (requested by Arksolarus)
|
|move|p1a: Scolipede|Substitute|p1a: Scolipede
|-start|p1a: Scolipede|Substitute
|-damage|p1a: Scolipede|62/100
|move|p2a: Tyrantrum|Earthquake|p1a: Scolipede
|-crit|p1a: Scolipede
|-end|p1a: Scolipede|Substitute
|
|-heal|p1a: Scolipede|68/100|[from] item: Leftovers
|-ability|p1a: Scolipede|Speed Boost|boost
|-boost|p1a: Scolipede|spe|1
|upkeep
|turn|3
|
|move|p1a: Scolipede|Toxic|p2a: Tyrantrum
|-status|p2a: Tyrantrum|tox
|move|p2a: Tyrantrum|Head Smash|p1a: Scolipede
|-supereffective|p1a: Scolipede
|-damage|p1a: Scolipede|0 fnt
|faint|p1a: Scolipede
|
|win|Arksolarus