|init|battle
|title|Chupiruleta vs. Lanouelduletremont
|j|☆Chupiruleta
|j|☆Lanouelduletremont
|player|p1|Chupiruleta|12|1408
|player|p2|Lanouelduletremont|37|1363
|teamsize|p1|3
|teamsize|p2|3
|gametype|singles
|gen|7
|tier|[Gen 7] 1v1
|rated|
|rule|Species Clause: Limit one of each Pokémon
|rule|Moody Clause: Moody is banned
|rule|OHKO Clause: OHKO moves are banned
|rule|Evasion Moves Clause: Evasion moves are banned
|rule|Accuracy Moves Clause: Accuracy-lowering moves are banned
|rule|Swagger Clause: Swagger is banned
|rule|Endless Battle Clause: Forcing endless battles is banned
|rule|HP Percentage Mod: HP is shown in percentages
|clearpoke
|poke|p1|Tapu Lele|item
|poke|p1|Kommo-o, M|item
|poke|p1|Charizard, F|item
|poke|p2|Gyarados, M|item
|poke|p2|Charizard, M|item
|poke|p2|Mawile, F|item
|teampreview|1
|
|start
|switch|p1a: Tapu Lele|Tapu Lele, shiny|100/100
|switch|p2a: Charizard|Charizard, M, shiny|100/100
|-fieldstart|move: Psychic Terrain|[from] ability: Psychic Surge|[of] p1a: Tapu Lele
|turn|1
|j| Smeargle legends
|
|detailschange|p2a: Charizard|Charizard-Mega-X, M, shiny
|-mega|p2a: Charizard|Charizard|Charizardite X
|move|p2a: Charizard|Flare Blitz|p1a: Tapu Lele
|-damage|p1a: Tapu Lele|0 fnt
|-damage|p2a: Charizard|69/100|[from] Recoil
|faint|p1a: Tapu Lele
|
|win|Lanouelduletremont
|raw|Chupiruleta's rating: 1408 &rarr; <strong>1386</strong><br />(-22 for losing)
|raw|Lanouelduletremont's rating: 1363 &rarr; <strong>1386</strong><br />(+23 for winning)
|l|☆Chupiruleta
|l|☆Lanouelduletremont