|init|battle
|title|youjjj vs. Sephalic
|j|☆youjjj
|j|☆Sephalic
|player|p1|youjjj|2|1210
|player|p2|Sephalic|102|1226
|teamsize|p1|6
|teamsize|p2|6
|gametype|singles
|gen|7
|tier|[Gen 7] OU
|rated|
|rule|Sleep Clause Mod: Limit one foe put to sleep
|rule|Species Clause: Limit one of each Pokémon
|rule|OHKO Clause: OHKO moves are banned
|rule|Moody Clause: Moody is banned
|rule|Evasion Moves Clause: Evasion moves are banned
|rule|Endless Battle Clause: Forcing endless battles is banned
|rule|HP Percentage Mod: HP is shown in percentages
|clearpoke
|poke|p1|Charizard, M|item
|poke|p1|Ludicolo, M|item
|poke|p1|Kartana|item
|poke|p1|Hawlucha, M|item
|poke|p1|Tapu Koko|item
|poke|p1|Excadrill, M|item
|poke|p2|Thundurus-Therian, M|item
|poke|p2|Greninja, M|item
|poke|p2|Tapu Koko|item
|poke|p2|Landorus-Therian, M|item
|poke|p2|Serperior, M|item
|poke|p2|Mawile, M|item
|teampreview
|
|start
|switch|p1a: Tapu Koko|Tapu Koko|100/100
|switch|p2a: Landorus|Landorus-Therian, M|100/100
|-fieldstart|move: Electric Terrain|[from] ability: Electric Surge|[of] p1a: Tapu Koko
|-ability|p2a: Landorus|Intimidate|boost
|-unboost|p1a: Tapu Koko|atk|1
|turn|1
|-message|youjjj forfeited.
|
|win|Sephalic
|l|☆youjjj
|raw|youjjj's rating: 1210 &rarr; <strong>1186</strong><br />(-24 for losing)
|raw|Sephalic's rating: 1226 &rarr; <strong>1250</strong><br />(+24 for winning)
|l|☆Sephalic