|init|battle
|title|Darkliste vs. lordpoporulerofall
|j|☆Darkliste
|j|☆lordpoporulerofall
|player|p1|Darkliste|192|1307
|player|p2|lordpoporulerofall|102|1038
|teamsize|p1|6
|teamsize|p2|6
|gametype|singles
|gen|7
|tier|[Gen 7] Balanced Hackmons
|rated|
|rule|Ability Clause: Limit two of each ability
|rule|OHKO Clause: OHKO moves are banned
|rule|Evasion Moves Clause: Evasion moves are banned
|rule|CFZ Clause: Crystal-free Z-Moves are banned
|rule|Sleep Clause Mod: Limit one foe put to sleep
|rule|Endless Battle Clause: Forcing endless battles is banned
|rule|HP Percentage Mod: HP is shown in percentages
|clearpoke
|poke|p1|Rayquaza-Mega|item
|poke|p1|Regigigas|item
|poke|p1|Yveltal|item
|poke|p1|Shaymin-Sky|item
|poke|p1|Chansey, F|item
|poke|p1|Metagross-Mega|item
|poke|p2|Mewtwo-Mega-Y|item
|poke|p2|Zygarde-Complete|item
|poke|p2|Aron, L1, M|item
|poke|p2|Rayquaza-Mega|item
|poke|p2|Shedinja|item
|poke|p2|Kartana|item
|teampreview
|
|start
|switch|p1a: Yveltal|Yveltal|100/100
|switch|p2a: Shedinja|Shedinja|100/100
|turn|1
|
|switch|p1a: Metagross|Metagross-Mega|100/100
|move|p2a: Shedinja|Endeavor|p1a: Metagross
|-damage|p1a: Metagross|1/100
|
|upkeep
|turn|2
|inactive|Battle timer is ON: inactive players will automatically lose when time's up. (requested by lordpoporulerofall)
|
|move|p2a: Shedinja|Aqua Jet|p1a: Metagross
|-damage|p1a: Metagross|0 fnt
|faint|p1a: Metagross
|
|upkeep
|
|switch|p1a: Regigigas|Regigigas|100/100
|turn|3
|
|move|p1a: Regigigas|Switcheroo|p2a: Shedinja
|-activate|p1a: Regigigas|move: Trick|[of] p2a: Shedinja
|-item|p2a: Shedinja|Flame Orb|[from] move: Switcheroo
|-item|p1a: Regigigas|Safety Goggles|[from] move: Switcheroo
|move|p2a: Shedinja|Endeavor|p1a: Regigigas
|-damage|p1a: Regigigas|1/100
|
|-status|p2a: Shedinja|brn|[from] item: Flame Orb
|upkeep
|turn|4
|
|switch|p1a: Chansey|Chansey, F|100/100
|-transform|p1a: Chansey|p2a: Shedinja|[from] ability: Imposter
|move|p2a: Shedinja|Aqua Jet|p1a: Chansey
|-damage|p1a: Chansey|98/100
|
|-damage|p2a: Shedinja|0 fnt|[from] brn
|faint|p2a: Shedinja
|upkeep

|-message|lordpoporulerofall forfeited.

|
|win|Darkliste