|init|battle
|title|Palecopie vs. The Hamm
|j|☆Palecopie
|j|☆The Hamm
|player|p1|Palecopie|162|1287
|player|p2|The Hamm|102|1266
|teamsize|p1|6
|teamsize|p2|6
|gametype|singles
|gen|7
|tier|[Gen 7] OU
|rated|
|rule|Sleep Clause Mod: Limit one foe put to sleep
|rule|Species Clause: Limit one of each Pokémon
|rule|OHKO Clause: OHKO moves are banned
|rule|Moody Clause: Moody is banned
|rule|Evasion Moves Clause: Evasion moves are banned
|rule|Endless Battle Clause: Forcing endless battles is banned
|rule|HP Percentage Mod: HP is shown in percentages
|clearpoke
|poke|p1|Seismitoad, M|item
|poke|p1|Tapu Bulu|item
|poke|p1|Celesteela|item
|poke|p1|Garchomp, F|item
|poke|p1|Greninja, M|item
|poke|p1|Victini|item
|poke|p2|Gliscor, M|item
|poke|p2|Clefable, M|item
|poke|p2|Chansey, F|item
|poke|p2|Tangrowth, M|item
|poke|p2|Toxapex, M|item
|poke|p2|Sableye, M|item
|teampreview
|inactive|Battle timer is ON: inactive players will automatically lose when time's up. (requested by The Hamm)
|
|start
|switch|p1a: Garchomp|Garchomp, F|100/100
|switch|p2a: Sableye|Sableye, M|100/100
|turn|1
|
|move|p2a: Sableye|Will-O-Wisp|p1a: Garchomp|[miss]
|-miss|p2a: Sableye|p1a: Garchomp
|move|p1a: Garchomp|Swords Dance|p1a: Garchomp
|-boost|p1a: Garchomp|atk|2
|
|upkeep
|turn|2
|
|move|p2a: Sableye|Will-O-Wisp|p1a: Garchomp|[miss]
|-miss|p2a: Sableye|p1a: Garchomp
|-zpower|p1a: Garchomp
|move|p1a: Garchomp|Continental Crush|p2a: Sableye|[zeffect]
|-damage|p2a: Sableye|0 fnt
|faint|p2a: Sableye
|
|upkeep

|
|switch|p2a: Toxapex|Toxapex, M|100/100
|turn|3

|
|move|p1a: Garchomp|Earthquake|p2a: Toxapex
|-supereffective|p2a: Toxapex
|-damage|p2a: Toxapex|0 fnt
|faint|p2a: Toxapex
|
|upkeep

|-message|The Hamm forfeited.

|
|win|Palecopie