|init|battle
|title|Lolololeasy vs. Glistening Haze
|j|☆Lolololeasy
|j|☆Glistening Haze
|player|p1|Lolololeasy|66|1541
|player|p2|Glistening Haze|150|1539
|teamsize|p1|6
|teamsize|p2|6
|gametype|singles
|gen|7
|tier|[Gen 7] OU
|rated|
|rule|Sleep Clause Mod: Limit one foe put to sleep
|rule|Species Clause: Limit one of each Pokémon
|rule|OHKO Clause: OHKO moves are banned
|rule|Moody Clause: Moody is banned
|rule|Evasion Moves Clause: Evasion moves are banned
|rule|Endless Battle Clause: Forcing endless battles is banned
|rule|HP Percentage Mod: HP is shown in percentages
|clearpoke
|poke|p1|Tyranitar, F|item
|poke|p1|Garchomp, F|item
|poke|p1|Excadrill, M|item
|poke|p1|Landorus-Therian, M|item
|poke|p1|Magearna|item
|poke|p1|Greninja, M|item
|poke|p2|Excadrill, F|item
|poke|p2|Tapu Lele|item
|poke|p2|Victini|item
|poke|p2|Alakazam, M|item
|poke|p2|Hawlucha, M|item
|poke|p2|Serperior, F|item
|teampreview
|inactive|Battle timer is ON: inactive players will automatically lose when time's up. (requested by Lolololeasy)
|
|start
|switch|p1a: Garchomp|Garchomp, F|100/100
|switch|p2a: Excadrill|Excadrill, F|100/100
|-ability|p2a: Excadrill|Mold Breaker
|turn|1
|
|move|p1a: Garchomp|Stealth Rock|p2a: Excadrill
|-sidestart|p2: Glistening Haze|move: Stealth Rock
|move|p2a: Excadrill|Stealth Rock|p1a: Garchomp
|-sidestart|p1: Lolololeasy|move: Stealth Rock
|
|upkeep
|turn|2
|
|move|p1a: Garchomp|Earthquake|p2a: Excadrill
|-supereffective|p2a: Excadrill
|-enditem|p2a: Excadrill|Focus Sash
|-damage|p2a: Excadrill|1/100
|move|p2a: Excadrill|Rapid Spin|p1a: Garchomp
|-damage|p1a: Garchomp|93/100
|-damage|p2a: Excadrill|0 fnt|[from] ability: Rough Skin|[of] p1a: Garchomp
|faint|p2a: Excadrill
|
|upkeep
|
|switch|p2a: Tapu Lele|Tapu Lele, shiny|100/100
|-damage|p2a: Tapu Lele|88/100|[from] Stealth Rock
|-fieldstart|move: Psychic Terrain|[from] ability: Psychic Surge|[of] p2a: Tapu Lele
|turn|3

|
|switch|p2a: Victini|Victini|100/100
|-damage|p2a: Victini|76/100|[from] Stealth Rock
|move|p1a: Garchomp|Earthquake|p2a: Victini
|-supereffective|p2a: Victini
|-damage|p2a: Victini|0 fnt
|faint|p2a: Victini
|
|upkeep

|c|☆Lolololeasy|Lmao

|c|☆Lolololeasy|What are you doing

|inactive|Glistening Haze has 120 seconds left.

|
|switch|p2a: Tapu Lele|Tapu Lele, shiny|88/100
|-damage|p2a: Tapu Lele|76/100|[from] Stealth Rock
|turn|4

|
|move|p1a: Garchomp|Earthquake|p2a: Tapu Lele
|-damage|p2a: Tapu Lele|0 fnt
|faint|p2a: Tapu Lele
|
|upkeep

|c|☆Lolololeasy|....

|-message|Glistening Haze forfeited.

|
|win|Lolololeasy