|init|battle
|title|emrakultheanustorn vs. unironic dabbing
|j|☆emrakultheanustorn
|j|☆unironic dabbing
|player|p1|emrakultheanustorn|101|1036
|player|p2|unironic dabbing|43|1112
|teamsize|p1|3
|teamsize|p2|3
|gametype|singles
|gen|7
|tier|[Gen 7] 1v1
|rated|
|rule|Species Clause: Limit one of each Pokémon
|rule|Moody Clause: Moody is banned
|rule|OHKO Clause: OHKO moves are banned
|rule|Evasion Moves Clause: Evasion moves are banned
|rule|Accuracy Moves Clause: Accuracy-lowering moves are banned
|rule|Swagger Clause: Swagger is banned
|rule|Endless Battle Clause: Forcing endless battles is banned
|rule|HP Percentage Mod: HP is shown in percentages
|clearpoke
|poke|p1|Slaking, F|item
|poke|p1|Latios, M|item
|poke|p1|Tapu Bulu|item
|poke|p2|Magnezone|item
|poke|p2|Lopunny, F|item
|poke|p2|Probopass, L2, M|item
|teampreview|1
|
|start
|switch|p1a: Slaking|Slaking, F|100/100
|switch|p2a: Lopunny|Lopunny, F|100/100
|turn|1
|inactive|Battle timer is ON: inactive players will automatically lose when time's up. (requested by unironic dabbing)
|
|detailschange|p2a: Lopunny|Lopunny-Mega, F
|-mega|p2a: Lopunny|Lopunny|Lopunnite
|move|p2a: Lopunny|Fake Out|p1a: Slaking
|-damage|p1a: Slaking|84/100
|cant|p1a: Slaking|flinch
|
|upkeep
|turn|2
|c|☆unironic dabbing|gg
|c|☆emrakultheanustorn|yeeeea
|
|move|p2a: Lopunny|High Jump Kick|p1a: Slaking
|-supereffective|p1a: Slaking
|-crit|p1a: Slaking
|-damage|p1a: Slaking|0 fnt
|faint|p1a: Slaking
|
|win|unironic dabbing